[gd_scene load_steps=14 format=2]

[ext_resource path="res://scripts/Tache.gd" type="Script" id=1]
[ext_resource path="res://assets/taches/integrale.png" type="Texture" id=2]
[ext_resource path="res://assets/taches/courses.png" type="Texture" id=3]
[ext_resource path="res://assets/taches/chaussure.png" type="Texture" id=4]
[ext_resource path="res://assets/taches/pythagore.png" type="Texture" id=5]
[ext_resource path="res://assets/taches/fonction.png" type="Texture" id=6]
[ext_resource path="res://assets/taches/halteres.png" type="Texture" id=7]
[ext_resource path="res://assets/taches/sceau.png" type="Texture" id=8]
[ext_resource path="res://assets/taches/ami.png" type="Texture" id=9]
[ext_resource path="res://assets/taches/coeur.png" type="Texture" id=10]
[ext_resource path="res://assets/taches/amie.png" type="Texture" id=11]

[sub_resource type="SpriteFrames" id=1]
animations = [ {
"frames": [ ExtResource( 2 ) ],
"loop": true,
"name": "integrale",
"speed": 5.0
}, {
"frames": [ ExtResource( 3 ) ],
"loop": true,
"name": "courses",
"speed": 5.0
}, {
"frames": [ ExtResource( 4 ) ],
"loop": true,
"name": "chaussure",
"speed": 5.0
}, {
"frames": [ ExtResource( 5 ) ],
"loop": true,
"name": "pythagore",
"speed": 5.0
}, {
"frames": [ ExtResource( 6 ) ],
"loop": true,
"name": "fonction",
"speed": 5.0
}, {
"frames": [ ExtResource( 7 ) ],
"loop": true,
"name": "halteres",
"speed": 5.0
}, {
"frames": [ ExtResource( 8 ) ],
"loop": true,
"name": "sceau",
"speed": 5.0
}, {
"frames": [ ExtResource( 9 ) ],
"loop": true,
"name": "ami",
"speed": 5.0
}, {
"frames": [ ExtResource( 10 ) ],
"loop": true,
"name": "coeur",
"speed": 5.0
}, {
"frames": [ ExtResource( 11 ) ],
"loop": true,
"name": "amie",
"speed": 5.0
} ]

[sub_resource type="RectangleShape2D" id=2]
extents = Vector2( 23.689, 11.6076 )

[node name="Tache" type="Area2D"]
script = ExtResource( 1 )

[node name="AnimatedSprite" type="AnimatedSprite" parent="."]
frames = SubResource( 1 )
animation = "ami"

[node name="CollisionShape2D" type="CollisionShape2D" parent="."]
shape = SubResource( 2 )
[connection signal="body_entered" from="." to="." method="_on_Tache_body_entered"]
